@article{stanton2009human,
  title={Human error taxonomies applied to driving: A generic driver error taxonomy and its implications for intelligent transport systems},
  author={Stanton, Neville A and Salmon, Paul M},
  journal={Safety Science},
  volume={47},
  number={2},
  pages={227--237},
  year={2009},
  publisher={Elsevier}
}

@article{guanetti2018control,
  title={Control of connected and automated vehicles: State of the art and future challenges},
  author={Guanetti, Jacopo and Kim, Yeojun and Borrelli, Francesco},
  journal={Annual reviews in control},
  volume={45},
  pages={18--40},
  year={2018},
  publisher={Elsevier}
}

@book{strauch2017investigating,
  title={Investigating human error: Incidents, accidents, and complex systems},
  author={Strauch, Barry},
  year={2017},
  publisher={CRC Press}
}

@article{reason2000human,
  title={Human error: models and management},
  author={Reason, James},
  journal={Bmj},
  volume={320},
  number={7237},
  pages={768--770},
  year={2000},
  publisher={British Medical Journal Publishing Group}
}

@book{woods2017behind,
  title={Behind human error},
  author={Woods, David and Dekker, Sidney and Cook, Richard and Johannesen, Leila and Sarter, Nadine},
  year={2017},
  publisher={CRC Press}
}